 
@Article{Article.Moser.CommunicatingClimateChangeHistoryChallengesProcessAndFutureDirections.2009,
  author    = {Moser, Susanne C.},
  journal   = {WIREs Climate Change},
  title     = {Communicating climate change: history, challenges, process and future directions},
  year      = {2009},
  issn      = {1757-7799},
  month     = dec,
  number    = {1},
  pages     = {31--53},
  volume    = {1},
  comment   = {THE CHALLENGE OF COMMUNICATING CLIMATE CHANGE},
  doi       = {10.1002/wcc.11},
  groups    = {General Media Monitoring},
  publisher = {Wiley},
}

@Article{Article.Schaefer.ClimateJournalismInAChangingMediaEcosystemAssessingTheProductionOfClimateChangerelatedNewsAroundTheWorld.2020,
  author    = {Schäfer, Mike S. and Painter, James},
  journal   = {WIREs Climate Change},
  title     = {Climate journalism in a changing media ecosystem: Assessing the production of climate change‐related news around the world},
  year      = {2020},
  issn      = {1757-7799},
  month     = aug,
  number    = {1},
  volume    = {12},
  doi       = {10.1002/wcc.675},
  groups    = {General Media Monitoring},
  publisher = {Wiley},
}

@Article{Article.Jacques.TheOrganisationOfDenialConservativeThinkTanksAndEnvironmentalScepticism.2008,
  author    = {Jacques, Peter J. and Dunlap, Riley E. and Freeman, Mark},
  journal   = {Environmental Politics},
  title     = {The organisation of denial: Conservative think tanks and environmental scepticism},
  year      = {2008},
  issn      = {1743-8934},
  month     = may,
  number    = {3},
  pages     = {349--385},
  volume    = {17},
  doi       = {10.1080/09644010802055576},
  groups    = {General Media Monitoring},
  publisher = {Informa UK Limited},
}

@Article{Article.McCOMAS.TellingStoriesAboutGlobalClimateChangeMeasuringTheImpactOfNarrativesOnIssueCycles.1999,
  author    = {McComas, Katherine and Shanahan, James},
  journal   = {Communication Research},
  title     = {{Telling Stories About Global Climate Change: Measuring the Impact of Narratives on Issue Cycles}},
  year      = {1999},
  issn      = {1552-3810},
  month     = feb,
  number    = {1},
  pages     = {30--57},
  volume    = {26},
  doi       = {10.1177/009365099026001003},
  groups    = {General Media Monitoring},
  publisher = {SAGE Publications},
}

@Book{Book.Calvin.IPCCClimateChange2023SynthesisReport.2023,
  author = {Calvin, Katherine and Dasgupta, Dipak and Krinner, Gerhard et. al.},
  editor = {Arias, Paola and Bustamante, Mercedes and Elgizouli, Ismail et. al.},
  title  = {{IPCC: Climate Change 2023: Synthesis Report}},
  year   = {2023},
  month  = jul,
  doi    = {10.59327/ipcc/ar6-9789291691647},
  school = {Intergovernmental Panel on Climate Change (IPCC)},
}

@Article{Online.Brueggemann.OnlineMediaMonitorOnClimateChangeOMM.2020,
  author       = {Michael Brüggemann and Remon Sadikni},
  journal      = {Online Media Monitor on Climate Change (OMM)},
  title        = {{Analysis of Global Tweets and Online Media Coverage}},
  year         = {2020},
  comment      = {"Global"},
  groups       = {General Media Monitoring, Database},
  organization = {Universität Hamburg},
  url          = {http://www.climatematters.de},
}

@Article{Article.Lampard.DidIncreasedMediaCoverageOfClimateChangeAndTheCOVID19PandemicAffectClimateChangeConcernAndIssueSalienceInTheUKIn2021.2024,
  author    = {Lampard, Pete and Graham, Hilary and Jarvis, Stuart},
  journal   = {Environmental Communication},
  title     = {{Did Increased Media Coverage of Climate Change and the COVID19 Pandemic Affect Climate Change Concern and Issue Salience in the UK in 2021?}},
  year      = {2024},
  issn      = {1752-4040},
  month     = mar,
  pages     = {1--11},
  doi       = {10.1080/17524032.2024.2326433},
  groups    = {Climate Change Concern},
  publisher = {Informa UK Limited},
}

@Article{Article.Bolstad.GrowingDeviationsBetweenEliteAndNonEliteMediaCoverageOfClimateChangeInTheUnitedStates.2024,
  author    = {Bolstad, Parker and Victor, David G.},
  journal   = {Climatic Change},
  title     = {{Growing deviations between elite and non-elite media coverage of climate change in the United States}},
  year      = {2024},
  issn      = {1573-1480},
  month     = jun,
  number    = {6},
  volume    = {177},
  comment   = {USA only},
  doi       = {10.1007/s10584-024-03750-1},
  groups    = {General Media Monitoring, Database},
  publisher = {Springer Science and Business Media LLC},
}

@Article{Article.Tynkkynen.ClimateDenialRevisitedRecontextualisingRussianPublicDiscourseOnClimateChangeDuringPutin20.2018,
  author    = {Tynkkynen, Veli-Pekka and Tynkkynen, Nina},
  journal   = {Europe-Asia Studies},
  title     = {{Climate Denial Revisited: (Re)contextualising Russian Public Discourse on Climate Change during Putin 2.0}},
  year      = {2018},
  issn      = {1465-3427},
  month     = may,
  number    = {7},
  pages     = {1103--1120},
  volume    = {70},
  doi       = {10.1080/09668136.2018.1472218},
  groups    = {North},
  publisher = {Informa UK Limited},
}

@Misc{Misc.Centre.GHGEmissionsOfAllWorldCountries.2023,
  author    = {Crippa, M. and Guizzardi, D. and Pagani, F. et. al.},
  title     = {{GHG emissions of all world countries}},
  year      = {2023},
  doi       = {10.2760/953322},
  place     = {Luxembourg},
  publisher = {Publications Office of the European Union},
}

@Misc{Misc.DataPagePerCapitaCOEmissions.2023,
  howpublished = {Online, letzter Zugriff 2024-09-03},
  note         = {Data adapted from Global Carbon Project, Various sources. \url{https://ourworldindata.org/grapher/co-emissions-per-capita}},
  title        = {{``Data Page: Per capita CO2 emissions'', part of the following publication: Hannah Ritchie, Pablo Rosado and Max Roser (2023) - ``CO2 and Greenhouse Gas Emissions''}},
  year         = {2023},
  groups       = {Database},
}

@InCollection{InCollection.Anders.DieWeltAlsPhantomUndMatrize.2019,
  author    = {Günter Anders},
  booktitle = {Grundlagentexte der Medienkultur},
  publisher = {Springer VS},
  title     = {{Die Welt als Phantom und Matrize}},
  year      = {2019},
  address   = {Wiesbaden},
  editor    = {Andreas Ziemann},
  isbn      = {9783658157876},
  series    = {SpringerLink},
  ppn_gvk   = {1030107327},
}

@Book{Book.Horkheimer.Kulturindustrie.2024,
  author    = {Horkheimer, Max},
  editor    = {Theodor W. Adorno and Ralf Kellermann},
  publisher = {Reclam},
  title     = {{Kulturindustrie - Aufklärung als Massenbetrug}},
  year      = {2024},
  address   = {Ditzingen},
  edition   = {7},
  isbn      = {9783150192733},
  note      = {Literatur - kommentierte Auswahl: Seite 95},
  number    = {19273},
  series    = {Reclams Universal-Bibliothek},
  ppn_gvk   = {1886095752},
}

@Booklet{Booklet.Guedegbe.MEDIAPERCEPTIONSOFCLIMATECHANGEINSUBSAHARANAFRICA.2023,
  title  = {{MEDIA PERCEPTIONS OF CLIMATECHANGE IN SUB-SAHARAN AFRICA}},
  author = {Guédègbé, Gerard and Nforngwa, Eugene N.},
  year   = {2023},
  url    = {https://www.preventionweb.net/media/96226/download?startDownload=20240904},
}

@TechReport{TechReport.Lidubwi.ClimateJournalisminEastAfricaInAnEraOfMisinformation.2023,
  author      = {Jackline Lidubwi and George Wamwea},
  institution = {Nairobi: Internews},
  title       = {{Climate Journalismin East Africa in an Era of Misinformation}},
  year        = {2023},
  month       = sep,
}

@Book{Book.2023GEMReportSummaryTechnologyInEducationAToolOnWhoseTerms.2023,
  publisher = {{GEM Report UNESCO}},
  title     = {{2023 GEM Report Summary: Technology in education: A tool on whose terms?}},
  year      = {2023},
  month     = jul,
  doi       = {10.54676/habj1624},
}

@Article{Article..GlobalEducationMonitoringReport.,
  journal = {{UNESCO Institute for Statistics}},
  title   = {{Global Education Monitoring Report}},
  url     = {https://www.education-inequalities.org},
}

@Misc{Misc.ReitisMuenstermann.MonitoringClimateChangeAndCOP28InEuropeanOnlineNewsMedia.2024,
  author       = {Theresa Reitis-Münstermann and Zsuzsanna Pásztor},
  howpublished = {{European Commission/European Parliament}},
  note         = {JRC137382},
  title        = {{Monitoring Climate Change and COP28 in European Online News Media}},
  year         = {2024},
}

@Dataset{Dataset.Pearman.AsianNewspaperCoverageOfClimateChangeOrGlobalWarming20042024July2024.2024,
  author    = {Pearman, Olivia and Boykoff, Max and Nacu-Schmidt, Ami and McAllister, Lucy and Lee, Kyungsun and Aoyagi, Midori and Hwang, Kyotaek and Oonk, David and Chandler, Patrick and Doi, Kaori and Hayakawa, Yumiko},
  date      = {2024-08-21},
  title     = {Asian Newspaper Coverage of Climate Change or Global Warming, 2004-2024 - July 2024},
  doi       = {10.25810/8PEZ-H060.55},
  copyright = {Creative Commons Attribution 4.0 International},
  groups    = {Database},
  publisher = {University of Colorado Boulder},
  year      = {2024},
}

@Dataset{Dataset.Boykoff.EuropeanNewspaperCoverageOfClimateChangeOrGlobalWarming20042024July2024.2024,
  author    = {Boykoff, Max and Fernandez-Reyes, Rogelio and McAllister, Lucy and Nacu-Schmidt, Ami and Oonk, David and Pearman, Olivia and Gammelgaard, Anne Ballantyne and Simonsen, Anne Hege and Ytterstad, Andreas and Mervaala, Erkki and Lyytimäki, Jari and Jiménez Gómez, Isidro and Osborne-Gowey, Jeremiah and Chandler, Patrick and Petersen, Lars Kjerulf and Hawley, Erin and Mocatta, Gabi},
  date      = {2024-08-21},
  title     = {European Newspaper Coverage of Climate Change or Global Warming, 2004-2024 - July 2024},
  doi       = {10.25810/FX6E-R462.64},
  copyright = {Creative Commons Attribution 4.0 International},
  groups    = {Database},
  publisher = {University of Colorado Boulder},
}

@Dataset{Dataset.JimenezGomez.LatinAmericanNewspaperCoverageOfClimateChangeOrGlobalWarming20052024July2024.2024,
  author    = {Jiménez Gómez, Isidro and Fernández-Reyes, Rogelio and Boykoff, Max and Nacu-Schmidt, Ami and Pearman, Olivia},
  date      = {2024-08-22},
  title     = {Latin American Newspaper Coverage of Climate Change or Global Warming, 2005-2024 - July 2024},
  doi       = {10.25810/5DXZ-XM93.76},
  copyright = {Creative Commons Attribution 4.0 International},
  groups    = {Database},
  publisher = {University of Colorado Boulder},
}

@Dataset{Dataset.Boykoff.MiddleEasternNewspaperCoverageOfClimateChangeOrGlobalWarming20042024July2024.2024,
  author    = {Boykoff, Max and Pearman, Olivia and Nacu-Schmidt, Ami and McAllister, Lucy and Daly, Meaghan and Fernández-Reyes, Rogelio and Jiménez Gómez, Isidro},
  date      = {2024-08-23},
  title     = {Middle Eastern Newspaper Coverage of Climate Change or Global Warming, 2004-2024 - July 2024},
  doi       = {10.25810/FQ7X-Q521.56},
  copyright = {Creative Commons Attribution 4.0 International},
  groups    = {Database},
  publisher = {University of Colorado Boulder},
}

@Dataset{Dataset.Boykoff.NorthAmericanNewspaperCoverageOfClimateChangeOrGlobalWarming20002024July2024.2024,
  author    = {Boykoff, Max and Nacu-Schmidt, Ami and Daly, Meaghan},
  date      = {2024-08-23},
  title     = {North American Newspaper Coverage of Climate Change or Global Warming, 2000-2024 - July 2024},
  doi       = {10.25810/GTP-YY33.55},
  copyright = {Creative Commons Attribution 4.0 International},
  groups    = {Database},
  publisher = {University of Colorado Boulder},
}

@Dataset{Dataset.Oonk.OceaniaNewspaperCoverageOfClimateChangeOrGlobalWarming20002024July2024.2024,
  author    = {Oonk, David and Nacu-Schmidt, Ami and Boykoff, Max and Chandler, Patrick},
  date      = {2024-08-23},
  title     = {Oceania Newspaper Coverage of Climate Change or Global Warming, 2000-2024 - July 2024},
  doi       = {10.25810/ZB7C-GF43.55},
  copyright = {Creative Commons Attribution 4.0 International},
  groups    = {Database},
  publisher = {University of Colorado Boulder},
}

@Dataset{Dataset.NacuSchmidt.AfricanNewspaperCoverageOfClimateChangeOrGlobalWarming20042024July2024.2024,
  author    = {Nacu-Schmidt, Ami and Daly, Meaghan and Boykoff, Max and Chandler, Patrick and Osborne-Gowey, Jeremiah and Fernández-Reyes, Rogelio and Oonk, David and Jiménez Gómez, Isidro},
  date      = {2024-08-21},
  title     = {African Newspaper Coverage of Climate Change or Global Warming, 2004-2024 July 2024},
  doi       = {10.25810/S7N-VH24.54},
  groups    = {Database},
  publisher = {University of Colorado Boulder},
}

@Dataset{Dataset..TheClimateImpactLab.2022,
  date         = {2022-11-10},
  title        = {The Climate Impact Lab},
  howpublished = {Online},
  url          = {https://impactlab.org/},
  groups       = {Database},
}

@Comment{jabref-meta: databaseType:biblatex;}

@Comment{jabref-meta: fileDirectory:C:\\Users\\Hunter\\PhoneDropBox\\SS24\\WS\\ReviewPaper;}

@Comment{jabref-meta: grouping:
0 AllEntriesGroup:;
1 StaticGroup:Climate Change Concern\;0\;0\;\;\;\;;
1 StaticGroup:General Media Monitoring\;0\;1\;\;\;\;;
2 StaticGroup:Database\;0\;0\;\;\;\;;
2 StaticGroup:North\;0\;1\;\;\;\;;
}

@Comment{jabref-meta: keypatterndefault:[entrytype].[auth].[camel].[year];}
